@inproceedings{paasivaara2016scaling,
  title={Scaling scrum in a large globally distributed organization: a case study},
  author={Paasivaara, Maria and Lassenius, Casper},
  booktitle={2016 IEEE 11th International Conference on Global Software Engineering (ICGSE)},
  pages={74--83},
  year={2016},
  organization={IEEE}
}

@article{hron2018scrum,
  title={Scrum in practice: an overview of Scrum adaptations},
  journal={Hawaii International Conference on System Sciences},
  author={Hron, Michal and Obwegeser, Nikolaus},
  year={2018}
}

@inproceedings{paasivaara2012inter,
  title={Inter-team coordination in large-scale globally distributed scrum: Do scrum-of-scrums really work?},
  author={Paasivaara, Maria and Lassenius, Casper and Heikkil{\"a}, Ville T},
  booktitle={Proceedings of the ACM-IEEE international symposium on Empirical software engineering and measurement},
  pages={235--238},
  year={2012}
}

@inproceedings{paasivaara2008distributed,
  title={Distributed agile development: Using scrum in a large project},
  author={Paasivaara, Maria and Durasiewicz, Sandra and Lassenius, Casper},
  booktitle={2008 IEEE International Conference on Global Software Engineering},
  pages={87--95},
  year={2008},
  organization={IEEE}
}

@article{schwaber2011scrum,
  title={The scrum guide},
  author={Schwaber, Ken and Sutherland, Jeff},
  journal={Scrum Alliance},
  volume={21},
  number={19},
  pages={1},
  year={2011}
}

@incollection{maximini2018introducing,
  title={Introducing Scrum into Large Teams},
  author={Maximini, Dominik},
  booktitle={The Scrum Culture},
  pages={121--129},
  year={2018},
  publisher={Springer}
}

@book{cohn2010succeeding,
  title={Succeeding with agile: software development using Scrum},
  author={Cohn, Mike},
  year={2010},
  publisher={Pearson Education}
}

@inproceedings{berczuk2007back,
  title={Back to basics: The role of agile principles in success with an distributed scrum team},
  author={Berczuk, Steve},
  booktitle={Agile 2007 (AGILE 2007)},
  pages={382--388},
  year={2007},
  organization={IEEE}
}

@inproceedings{paasivaara2009using,
  title={Using scrum in distributed agile development: A multiple case study},
  author={Paasivaara, Maria and Durasiewicz, Sandra and Lassenius, Casper},
  booktitle={2009 Fourth IEEE International Conference on Global Software Engineering},
  pages={195--204},
  year={2009},
  organization={IEEE}
}

@article{azanha2017agile,
  title={Agile project management with Scrum: A case study of a Brazilian pharmaceutical company IT project},
  author={Azanha, Adrialdo and Argoud, Ana Rita Tiradentes Terra and de Camargo Junior, Jo{\~a}o Batista and Antoniolli, Pedro Domingos},
  journal={International Journal of Managing Projects in Business},
  year={2017},
  publisher={Emerald Publishing Limited}
}

@article{van2013agile,
  title={When agile meets the enterprise},
  author={Van Waardenburg, Guus and Van Vliet, Hans},
  journal={Information and software technology},
  volume={55},
  number={12},
  pages={2154--2171},
  year={2013},
  publisher={Elsevier}
}

@article{abrahamsson2017agile,
  title={Agile software development methods: Review and analysis},
  author={Abrahamsson, Pekka and Salo, Outi and Ronkainen, Jussi and Warsta, Juhani},
  journal={arXiv preprint arXiv:1709.08439},
  year={2017}
}

@article{sutherland2018atScale,
journal= {Harvard Business Review},
author = {Rigby, Darrell K. and Sutherland, Jeff and Noble, Andy},
title = {Agile at Scale},
howpublished = {\url{https://todopmp.com/wp-content/uploads/2018/12/agile-at-scale.pdf}},
month = {MAYâ€“JUNE},
year = {2018},
note = {(Accessed on 09/18/2022)}
}

@book{cobb2011making,
  title={Making sense of agile project management: balancing control and agility},
  author={Cobb, Charles G},
  year={2011},
  publisher={John Wiley \& Sons}
}